@inproceedings{bender2021dangers,
  title={On the Dangers of Stochastic Parrots: Can Language Models Be Too Big?},
  author={Bender, Emily M and Gebru, Timnit and McMillan-Major, Angelina and Shmitchell, Shmargaret},
  booktitle={Proceedings of the 2021 ACM Conference on Fairness, Accountability, and Transparency},
  pages={610--623},
  year={2021}
}

@book{crawford2021atlas,
  title={The atlas of AI},
  author={Crawford, Kate},
  year={2021},
  publisher={Yale University Press}
}

@inproceedings{sanchez_high-dimensional_2011,
	address = {Colorado Springs, CO, USA},
	title = {High-dimensional signature compression for large-scale image classification},
	isbn = {978-1-4577-0394-2},
	booktitle = {Conference on {Computer} {Vision} and {Pattern} {Recognition} ({CVPR})},
	publisher = {IEEE Computer Society},
	author = {Sánchez, Jorge and Perronnin, Florent},
	month = jun,
	year = {2011},
	pages = {1665--1672}
}

@inproceedings{krizhevsky_imagenet_2012,
	address = {Red Hook, NY, USA},
	title = {Imagenet classification with deep convolutional neural networks},
	volume = {60},
	isbn = {978-1-62748-003-1},
	booktitle = {Advances in {Neural} {Information} {Processing} {Systems} 25},
	publisher = {Curran Associates, Inc.},
	author = {Krizhevsky, Alex and Sutskever, Ilya and Hinton, Geoffrey E},
	month = may,
	year = {2012},
	pages = {1097--1105}
}

@article{simonyan_very_2014,
	title = {Very {Deep} {Convolutional} {Networks} for {Large}-{Scale} {Image} {Recognition}},
	volume = {abs/1409.1556},
	issn = {2331-8422},
	journal = {CoRR},
	author = {Simonyan, Karen and Zisserman, Andrew},
	year = {2014}
}

@inproceedings{he_deep_2016,
	address = {Las Vegas, NV, USA},
	title = {Deep residual learning for image recognition},
	isbn = {978-1-4673-8851-1},
	url = {http://dx.doi.org/10.1109/cvpr.2016.90},
	doi = {10.1109/cvpr.2016.90},
	booktitle = {Conference on {Computer} {Vision} and {Pattern} {Recognition} ({CVPR})},
	publisher = {IEEE Computer Society},
	author = {He, Kaiming and Zhang, Xiangyu and Ren, Shaoqing and Sun, Jian},
	month = jun,
	year = {2016},
	pages = {770--778}
}

@article{hu_squeeze-and-excitation_2017,
	title = {Squeeze-and-{Excitation} {Networks}},
	volume = {abs/1709.01507},
	issn = {2331-8422},
	journal = {CoRR},
	author = {Hu, Jie and Shen, Li and Sun, Gang},
	year = {2017}
}

@inproceedings{pillai2019super,
  author    = {Sudeep Pillai and Rares Ambrus and Adrien Gaidon},
  title     = {SuperDepth: Self-Supervised, Super-Resolved Monocular Depth Estimation},
  booktitle = {International Conference on Robotics and Automation, {ICRA} 2019,
                 Montreal, QC, Canada, May 20-24, 2019},
  pages     = {9250--9256},
  publisher = {{IEEE}},
  year      = {2019},
  url       = {https://doi.org/10.1109/ICRA.2019.8793621},
  doi       = {10.1109/ICRA.2019.8793621},
  timestamp = {Wed, 16 Oct 2019 14:14:51 +0200},
  biburl    = {https://dblp.org/rec/conf/icra/PillaiAG19.bib},
  bibsource = {dblp computer science bibliography, https://dblp.org}
}

@article{Pasa-et-al-2019,
 author = {F. Pasa and V. Golkov and F. Pfeiffer and D. Cremers and D. Pfeiffer},
 title = {Efficient Deep Network Architectures for Fast Chest {X}-Ray Tuberculosis Screening and Visualization},
 journal = {Scientific Reports},
 year = {2019},
 volume = {9},
 number = {1},
 pages = {6268},
 issn = {2045-2322},
 doi = {10.1038/s41598-019-42557-4},
 url = {https://www.nature.com/articles/s41598-019-42557-4},
 keywords = {medical imaging, deep learning},
}

@article{gonzales2018galaxy,
  author    = {Roberto E. Gonz{\'{a}}lez and
                 R. P. Mu{\~{n}}oz and
                 C. A. Hern{\'{a}}ndez},
  title     = {Galaxy detection and identification using deep learning and data augmentation},
  journal   = {Astron. Comput.},
  volume    = {25},
  pages     = {103--109},
  year      = {2018},
  url       = {https://doi.org/10.1016/j.ascom.2018.09.004},
  doi       = {10.1016/j.ascom.2018.09.004},
  timestamp = {Wed, 24 Feb 2021 14:28:09 +0100},
  biburl    = {https://dblp.org/rec/journals/ascom/GonzalezMH18.bib},
  bibsource = {dblp computer science bibliography, https://dblp.org}
}

@book{couldry2019costs,
  title={The costs of connection},
  author={Couldry, Nick and Mejias, Ulises A},
  year={2019},
  publisher={Stanford University Press}
}

@inproceedings{deng2009imagenet,
  title={Imagenet: A large-scale hierarchical image database},
  author={Deng, Jia and Dong, Wei and Socher, Richard and Li, Li-Jia and Li, Kai and Fei-Fei, Li},
  booktitle={2009 IEEE conference on computer vision and pattern recognition},
  pages={248--255},
  year={2009},
  organization={Ieee}
}

@article{popel2020transforming,
  title={Transforming machine translation: a deep learning system reaches news translation quality comparable to human professionals},
  author={Popel, Martin and Tomkova, Marketa and Tomek, Jakub and Kaiser, {\L}ukasz and Uszkoreit, Jakob and Bojar, Ond{\v{r}}ej and {\v{Z}}abokrtsk{\`y}, Zden{\v{e}}k},
    journal={Nature communications},
      volume={11},
        number={1},
          pages={1--15},
            year={2020},
              publisher={Nature Publishing Group}
}

@inproceedings{devlin2019bert,
  title={BERT: Pre-training of Deep Bidirectional Transformers for Language Understanding},
  author={Devlin, Jacob and Chang, Ming-Wei and Lee, Kenton and Toutanova, Kristina},
  booktitle={Proceedings of the 2019 Conference of the North American Chapter of the Association for Computational Linguistics: Human Language Technologies, Volume 1 (Long and Short Papers)},
  pages={4171--4186},
  year={2019}
}

@article{vaswani2017attention,
  title={Attention is all you need},
  author={Vaswani, Ashish and Shazeer, Noam and Parmar, Niki and Uszkoreit, Jakob and Jones, Llion and Gomez, Aidan N and Kaiser, {\L}ukasz and Polosukhin, Illia},
  journal={Advances in neural information processing systems},
  volume={30},
  year={2017}
}

@article{rozhledy,
  author    = {Jindřich Libovický},
  year      = 2019,
  title     = {Neuronové sítě a automatický překlad},
  journal   = {Rozhledy matematicko-fyzikální},
  volume    = {94},
  number    = {4},
  pages     = {30--40},
  issn      = {0035-9343},
}

@inproceedings{liu-etal-2021-visually,
    title = "Visually Grounded Reasoning across Languages and Cultures",
    author = "Liu, Fangyu  and
              Bugliarello, Emanuele  and
                    Ponti, Edoardo Maria  and
                          Reddy, Siva  and
                                Collier, Nigel  and
                                      Elliott, Desmond",
    booktitle = "Proceedings of the 2021 Conference on Empirical Methods in Natural Language Processing",
    month = nov,
    year = "2021",
    address = "Online and Punta Cana, Dominican Republic",
    publisher = "Association for Computational Linguistics",
    url = "https://aclanthology.org/2021.emnlp-main.818",
    doi = "10.18653/v1/2021.emnlp-main.818",
    pages = "10467--10485",
}

@inproceedings{brown2020gpt,
  author    = {Tom B. Brown and Benjamin Mann and Nick Ryder and Melanie Subbiah and Jared Kaplan and Prafulla Dhariwal and Arvind Neelakantan and Pranav Shyam and Girish Sastry and Amanda Askell and Sandhini Agarwal and Ariel Herbert{-}Voss and Gretchen Krueger and Tom Henighan and Rewon Child and Aditya Ramesh and Daniel M. Ziegler and Jeffrey Wu and Clemens Winter and Christopher Hesse and Mark Chen and Eric Sigler and Mateusz Litwin and Scott Gray and Benjamin Chess and Jack Clark and Christopher Berner and Sam McCandlish and Alec Radford and Ilya Sutskever and Dario Amodei},
  title     = {Language Models are Few-Shot Learners},
  booktitle = {Advances in Neural Information Processing Systems 33: Annual Conference
                 on Neural Information Processing Systems 2020, NeurIPS 2020, December
                 6-12, 2020, virtual},
  year      = {2020},
  url       = {https://proceedings.neurips.cc/paper/2020/hash/1457c0d6bfcb4967418bfb8ac142f64a-Abstract.html},
}

@article{goodfellow2014generative,
  title={Generative adversarial nets},
  author={Goodfellow, Ian and Pouget-Abadie, Jean and Mirza, Mehdi and Xu, Bing and Warde-Farley, David and Ozair, Sherjil and Courville, Aaron and Bengio, Yoshua},
  journal={Advances in neural information processing systems},
  volume={27},
  year={2014}
}

@inproceedings{karras2020analyzing,
  author    = {Tero Karras and Samuli Laine and Miika Aittala and Janne Hellsten and Jaakko Lehtinen and Timo Aila},
  title     = {Analyzing and Improving the Image Quality of StyleGAN},
  booktitle = {2020 {IEEE/CVF} Conference on Computer Vision and Pattern Recognition,
                 {CVPR} 2020, Seattle, WA, USA, June 13-19, 2020},
  pages     = {8107--8116},
  publisher = {Computer Vision Foundation / {IEEE}},
  year      = {2020},
  url       = {https://openaccess.thecvf.com/content\_CVPR\_2020/html/Karras\_Analyzing\_and\_Improving\_the\_Image\_Quality\_of\_StyleGAN\_CVPR\_2020\_paper.html},
  doi       = {10.1109/CVPR42600.2020.00813},
  timestamp = {Tue, 31 Aug 2021 14:00:04 +0200},
  biburl    = {https://dblp.org/rec/conf/cvpr/KarrasLAHLA20.bib},
  bibsource = {dblp computer science bibliography, https://dblp.org}
}

@inproceedings{zhang2017stack,
  author    = {Han Zhang and Tao Xu and Hongsheng Li},
  title     = {StackGAN: Text to Photo-Realistic Image Synthesis with Stacked Generative
                 Adversarial Networks},
  booktitle = {{IEEE} International Conference on Computer Vision, {ICCV} 2017, Venice,
                 Italy, October 22-29, 2017},
  pages     = {5908--5916},
  publisher = {{IEEE} Computer Society},
  year      = {2017},
  url       = {https://doi.org/10.1109/ICCV.2017.629},
  doi       = {10.1109/ICCV.2017.629},
  timestamp = {Fri, 26 Feb 2021 08:54:59 +0100},
  biburl    = {https://dblp.org/rec/conf/iccv/ZhangXL17.bib},
  bibsource = {dblp computer science bibliography, https://dblp.org}
}

@article{radford2019language,
  title={Language models are unsupervised multitask learners},
  author={Radford, Alec and Wu, Jeffrey and Child, Rewon and Luan, David and Amodei, Dario and Sutskever, Ilya and others},
  journal={OpenAI blog},
  volume={1},
  number={8},
  pages={9},
  year={2019}
}

@article{derous2019your,
  title={When your resume is (not) turning you down: Modelling ethnic bias in resume screening},
  author={Derous, Eva and Ryan, Ann Marie},
  journal={Human Resource Management Journal},
  volume={29},
  number={2},
  pages={113--130},
  year={2019},
  publisher={Wiley Online Library}
}

@article{bender2018data,
  title={Data statements for natural language processing: Toward mitigating system bias and enabling better science},
  author={Bender, Emily M and Friedman, Batya},
  journal={Transactions of the Association for Computational Linguistics},
  volume={6},
  pages={587--604},
  year={2018},
  publisher={MIT Press}
}

@inproceedings{sennrich2016improving,
  title={Improving Neural Machine Translation Models with Monolingual Data},
  author={Sennrich, Rico and Haddow, Barry and Birch, Alexandra},
  booktitle={Proceedings of the 54th Annual Meeting of the Association for Computational Linguistics (Volume 1: Long Papers)},
  pages={86--96},
  year={2016}
}

@article{singh2017learning,
  title={Learning to play Go from scratch},
  author={Singh, Satinder and Okun, Andy and Jackson, Andrew},
  journal={Nature},
  volume={550},
  number={7676},
  pages={336--337},
  year={2017},
  publisher={Nature Publishing Group}
}

@article{sutskever2014sequence,
  title={Sequence to sequence learning with neural networks},
  author={Sutskever, Ilya and Vinyals, Oriol and Le, Quoc V},
  journal={Advances in neural information processing systems},
  volume={27},
  year={2014}
}

@inproceedings{kalchbrenner2013recurrent,
  title={Recurrent continuous translation models},
  author={Kalchbrenner, Nal and Blunsom, Phil},
  booktitle={Proceedings of the 2013 conference on empirical methods in natural language processing},
  pages={1700--1709},
  year={2013}
}

@inproceedings{bahdanaou2015neural,
  author    = {Dzmitry Bahdanau and
                 Kyunghyun Cho and
                 Yoshua Bengio},
  editor    = {Yoshua Bengio and
                 Yann LeCun},
  title     = {Neural Machine Translation by Jointly Learning to Align and Translate},
  booktitle = {3rd International Conference on Learning Representations, {ICLR} 2015,
                 San Diego, CA, USA, May 7-9, 2015, Conference Track Proceedings},
  year      = {2015},
  url       = {http://arxiv.org/abs/1409.0473},
}



@article{google2022palm,
  author    = {Aakanksha Chowdhery and Sharan Narang and Jacob Devlin and Maarten Bosma and Gaurav Mishra and Adam Roberts and Paul Barham and Hyung Won Chung and Charles Sutton and Sebastian Gehrmann and Parker Schuh and Kensen Shi and Sasha Tsvyashchenko and Joshua Maynez and Abhishek Rao and Parker Barnes and Yi Tay and Noam Shazeer and Vinodkumar Prabhakaran and Emily Reif and Nan Du and Ben Hutchinson and Reiner Pope and James Bradbury and Jacob Austin and Michael Isard and Guy Gur{-}Ari and Pengcheng Yin and Toju Duke and Anselm Levskaya and Sanjay Ghemawat and Sunipa Dev and Henryk Michalewski and Xavier Garcia and Vedant Misra and Kevin Robinson and Liam Fedus and Denny Zhou and Daphne Ippolito and David Luan and Hyeontaek Lim and Barret Zoph and Alexander Spiridonov and Ryan Sepassi and David Dohan and Shivani Agrawal and Mark Omernick and Andrew M. Dai and Thanumalayan Sankaranarayana Pillai and Marie Pellat and Aitor Lewkowycz and Erica Moreira and Rewon Child and Oleksandr Polozov and Katherine Lee and Zongwei Zhou and Xuezhi Wang and Brennan Saeta and Mark Diaz and Orhan Firat and Michele Catasta and Jason Wei and Kathy Meier{-}Hellstern and Douglas Eck and Jeff Dean and Slav Petrov and Noah Fiedel},
  title     = {PaLM: Scaling Language Modeling with Pathways},
  journal   = {CoRR},
  volume    = {abs/2204.02311},
  year      = {2022},
  url       = {https://doi.org/10.48550/arXiv.2204.02311},
  doi       = {10.48550/arXiv.2204.02311},
  eprinttype = {arXiv},
  eprint    = {2204.02311},
}



@article{deepmind2021gopher,
  author    = {Jack W. Rae and Sebastian Borgeaud and Trevor Cai and Katie Millican and Jordan Hoffmann and H. Francis Song and John Aslanides and Sarah Henderson and Roman Ring and Susannah Young and Eliza Rutherford and Tom Hennigan and Jacob Menick and Albin Cassirer and Richard Powell and George van den Driessche and Lisa Anne Hendricks and Maribeth Rauh and Po{-}Sen Huang and Amelia Glaese and Johannes Welbl and Sumanth Dathathri and Saffron Huang and Jonathan Uesato and John Mellor and Irina Higgins and Antonia Creswell and Nat McAleese and Amy Wu and Erich Elsen and Siddhant M. Jayakumar and Elena Buchatskaya and David Budden and Esme Sutherland and Karen Simonyan and Michela Paganini and Laurent Sifre and Lena Martens and Xiang Lorraine Li and Adhiguna Kuncoro and Aida Nematzadeh and Elena Gribovskaya and Domenic Donato and Angeliki Lazaridou and Arthur Mensch and Jean{-}Baptiste Lespiau and Maria Tsimpoukelli and Nikolai Grigorev and Doug Fritz and Thibault Sottiaux and Mantas Pajarskas and Toby Pohlen and Zhitao Gong and Daniel Toyama and Cyprien de Masson d'Autume and Yujia Li and Tayfun Terzi and Vladimir Mikulik and Igor Babuschkin and Aidan Clark and Diego de Las Casas and Aurelia Guy and Chris Jones and James Bradbury and Matthew Johnson and Blake A. Hechtman and Laura Weidinger and Iason Gabriel and William S. Isaac and Edward Lockhart and Simon Osindero and Laura Rimell and Chris Dyer and Oriol Vinyals and Kareem Ayoub and Jeff Stanway and Lorrayne Bennett and Demis Hassabis and Koray Kavukcuoglu and Geoffrey Irving},
  title     = {Scaling Language Models: Methods, Analysis {\&} Insights from Training Gopher},
  journal   = {CoRR},
  volume    = {abs/2112.11446},
  year      = {2021},
  url       = {https://arxiv.org/abs/2112.11446},
  eprinttype = {arXiv},
  eprint    = {2112.11446},
}

@article{krenn2022prediction,
  author = {Mario Krenn and Lorenzo Buffoni and Bruno Coutinho and Sagi Eppel and Jacob Gates Foster and Andrew Gritsevskiy and Harlin Lee and Yichao Lu and Joao P. Moutinho and Nima Sanjabi and Rishi Sonthalia and Ngoc Mai Tran and Francisco Valente and Yangxinyu Xie and Rose Yu and Michael Kopp},
  title = {Predicting the Future of AI with AI: High-quality link prediction in an exponentially growing knowledge network},
  journal   = {CoRR},
  volume    = {abs/2210.00881},
  year      = {2021},
  url       = {https://arxiv.org/abs/2210.00881},
  eprinttype = {arXiv},
  eprint    = {2210.00881},


}

@inproceedings{rombach2022stableDifussion,
  author    = {Robin Rombach and
                 Andreas Blattmann and
                 Dominik Lorenz and
                 Patrick Esser and
                 Bj{\"{o}}rn Ommer},
  title     = {High-Resolution Image Synthesis with Latent Diffusion Models},
  booktitle = {{IEEE/CVF} Conference on Computer Vision and Pattern Recognition,
                 {CVPR} 2022, New Orleans, LA, USA, June 18-24, 2022},
  pages     = {10674--10685},
  publisher = {{IEEE}},
  year      = {2022},
  url       = {https://doi.org/10.1109/CVPR52688.2022.01042},
  doi       = {10.1109/CVPR52688.2022.01042},
}

@article{ramesch2022hierarchical,
  author    = {Aditya Ramesh and
                 Prafulla Dhariwal and
                 Alex Nichol and
                 Casey Chu and
                 Mark Chen},
  title     = {Hierarchical Text-Conditional Image Generation with {CLIP} Latents},
  journal   = {CoRR},
  volume    = {abs/2204.06125},
  year      = {2022},
  url       = {https://doi.org/10.48550/arXiv.2204.06125},
  doi       = {10.48550/arXiv.2204.06125},
  eprinttype = {arXiv},
  eprint    = {2204.06125},
}

@inproceedings{ho2020denoising,
  author    = {Jonathan Ho and
                 Ajay Jain and
                 Pieter Abbeel},
  editor    = {Hugo Larochelle and
                 Marc'Aurelio Ranzato and
                 Raia Hadsell and
                 Maria{-}Florina Balcan and
                 Hsuan{-}Tien Lin},
  title     = {Denoising Diffusion Probabilistic Models},
  booktitle = {Advances in Neural Information Processing Systems 33: Annual Conference
                 on Neural Information Processing Systems 2020, NeurIPS 2020, December
                 6-12, 2020, virtual},
  year      = {2020},
  url       = {https://proceedings.neurips.cc/paper/2020/hash/4c5bcfec8584af0d967f1ab10179ca4b-Abstract.html},
}



@article{ouyang2022instruct,
  author    = {Long Ouyang and
                 Jeff Wu and
                 Xu Jiang and
                 Diogo Almeida and
                 Carroll L. Wainwright and
                 Pamela Mishkin and
                 Chong Zhang and
                 Sandhini Agarwal and
                 Katarina Slama and
                 Alex Ray and
                 John Schulman and
                 Jacob Hilton and
                 Fraser Kelton and
                 Luke Miller and
                 Maddie Simens and
                 Amanda Askell and
                 Peter Welinder and
                 Paul F. Christiano and
                 Jan Leike and
                 Ryan Lowe},
  title     = {Training language models to follow instructions with human feedback},
  journal   = {CoRR},
  volume    = {abs/2203.02155},
  year      = {2022},
  url       = {https://doi.org/10.48550/arXiv.2203.02155},
  doi       = {10.48550/arXiv.2203.02155},
  eprinttype = {arXiv},
  eprint    = {2203.02155},
}


@article{schaeffer2023emergent,
  title={Are Emergent Abilities of Large Language Models a Mirage?},
  author={Schaeffer, Rylan and Miranda, Brando and Koyejo, Sanmi},
  journal={arXiv preprint arXiv:2304.15004},
  year={2023}
}

@article{hoffmann2022training,
  title={Training compute-optimal large language models},
  author={Hoffmann, Jordan and Borgeaud, Sebastian and Mensch, Arthur and Buchatskaya, Elena and Cai, Trevor and Rutherford, Eliza and Casas, Diego de Las and Hendricks, Lisa Anne and Welbl, Johannes and Clark, Aidan and others},
  journal={arXiv preprint arXiv:2203.15556},
  year={2022}
}

@article{touvron2023llama,
  title={Llama: Open and efficient foundation language models},
  author={Touvron, Hugo and Lavril, Thibaut and Izacard, Gautier and Martinet, Xavier and Lachaux, Marie-Anne and Lacroix, Timoth{\'e}e and Rozi{\`e}re, Baptiste and Goyal, Naman and Hambro, Eric and Azhar, Faisal and others},
    journal={arXiv preprint arXiv:2302.13971},
      year={2023}
}

@article{wei2022emergent,
  title={Emergent abilities of large language models},
  author={Wei, Jason and Tay, Yi and Bommasani, Rishi and Raffel, Colin and Zoph, Barret and Borgeaud, Sebastian and Yogatama, Dani and Bosma, Maarten and Zhou, Denny and Metzler, Donald and others},
  journal={arXiv preprint arXiv:2206.07682},
  year={2022}
}
